%Bibtex HRV data base

@misc{GuíaProductosMemoriaFlash,
    author = "Kingston technology",
    title = "Guía de productos de memoria Flash",
    howpublished = "Kingston technology",
    note = {\url{http://media.kingston.com/pdfs/FlashMemGuide_LA.pdf}},
    date = "2012",
}

@Article{IntroductionFlash,
	author ={{R. Bez, E. Camerlenghi, A. Modelli y A. Visconti}},
	title ={Introduction to flash memory},
        journal ={Proceedings of the IEEE},
	volume ={91},
	month ={April},
	year ={2003}
	}

@misc{FlashMemoryWikipedia,
    author = "Wikipedia contributors",
    title = "Flash memory",
    howpublished = "Wikipedia, The Free Encyclopedia.",
    note = {\url{http://en.wikipedia.org/w/index.php?title=Flash_memory&oldid=622001976}},
    date = "20 August 2014 20:32 UTC",
}

@misc{NANDvsNORFlashMemory,
    author = "Toshiba America Electronic Components",
    title = "NAND vs. NOR Flash Memory",
    howpublished = "Toshiba America Electronic Components",
    note = {\url{http://maltiel-consulting.com/NAND_vs_NOR_Flash_Memory_Technology_Overview_Read_Write_Erase_speed_for_SLC_MLC_semiconductor_consulting_expert.pdf}},
    date = "4-25-06",
}

@misc{priceSSDEvolution,
    author = "Kristopher Kubicki",
    title = "Solid State Society: The Magic per Gigabyte Reality Arrives",
    howpublished = "Dynamite Data",
    note = {\url{http://dynamitedata.com/news/cat=15/index.html}},
    date = "Thursday, August 16th, 2012",
}

@misc{SSDonBatteryLife,
    author = "Anand Lal Shimpi",
    title = "The Impact of SSD on Battery Life",
    howpublished = "Anandtech",
    note = {\url{http://www.anandtech.com/show/2445/16}},
    date = "February 13, 2008 12:00 AM",
}

@misc{ArchitectureForuniversal,
    author = "Amir Ban, Dov Moran, Oron Ogdan",
    title = "Architecture for a universal serial bus-­based PC flash disk.",
    month ={April},
    year ={2003}
}

@misc{fat32_1,
    author = "Amir Ban, Dov Moran, Oron Ogdan",
    title = "Architecture for a universal serial bus-­based PC flash disk.",
    note = {\url{http://support.microsoft.com/kb/140365/es}},
    month ={April},
    year ={2003}
}

@misc{fat32_2,
    author = "Amir Ban, Dov Moran, Oron Ogdan",
    title = "Architecture for a universal serial bus-­based PC flash disk.",
    note = {\url{http://support.microsoft.com/kb/192322/es}},
    month ={April},
    year ={2003}
}

@misc{Usodetúnelessshyscreen,
    author = "César Martín Cristóbal",
    title = "Uso de túneles ssh y screen",
    note = {\url{http://dev.callepuzzle.com/uso-de-tuneles-ssh-y-screen/}},
    month ={Diciembre},
    year ={2013}
}

@misc{UsobásicodescreenenLinux,
    author = "guimi.net",
    title = "Uso básico de screen en Linux",
    note = {\url{http://guimi.net/blogs/hiparco/uso-basico-de-screen-en-linux/}},
    month ={November},
    year ={2008}
}

@misc{Criptografíaasimétrica,
    author = "Wikipedia contributors",
    title = "Criptografía asimétrica",
    howpublished = "Wikipedia, The Free Encyclopedia.",
    note = {\url{http://es.wikipedia.org/w/index.php?title=Criptograf%C3%ADa_asim%C3%A9trica&oldid=73152741}},
    date = "13 de marzo del 2014, 11:28 UTC",
}

@Book{ProgramacióndeShellScripts,
    author={Alberto Luna Fernández y Pablo Sanz Mercado},
    title={Programación de Shell Scripts},
    publisher={UAM Ediciones},
    year={2011},
}

@booklet{manLinux,
    title={man de Linux},
    author={Escrito originalmente por John W. Eatonx}
}

@misc{git-scm,
    author = "La comunidad de http://git-scm.com",
    title = "Git fast-version-control",
    howpublished = "http://git-scm.com",
    note = {\url{http://git-scm.com/about}},
}
